<?xml version="1.0" encoding="utf-8"?>
<record xmlns="http://www.loc.gov/MARC21/slim" xmlns:xsi="http://www.w3.org/2001/XMLSchema-instance" xsi:schemaLocation="http://www.loc.gov/MARC21/slim http://www.loc.gov/standards/marcxml/schema/MARC21slim.xsd">
	<leader>     nam a22     Mi 4500</leader>
	<controlfield tag="001">2729989</controlfield>
	<controlfield tag="003">NjP</controlfield>
	<controlfield tag="006">m        d        </controlfield>
	<controlfield tag="007">cr cn |||m|||a</controlfield>
	<controlfield tag="008">210322m19151936ua abcd o     000 0 arard</controlfield>
	<datafield ind1=" " ind2=" " tag="040">
		<subfield code="a">ZYU</subfield>
		<subfield code="b">ara</subfield>
		<subfield code="e">rda</subfield>
		<subfield code="c">ZYU</subfield>
	</datafield>
	<datafield ind1=" " ind2=" " tag="043">
		<subfield code="a">f-ua---</subfield>
		<subfield code="a">fl-----</subfield>
	</datafield>
	<datafield ind1=" " ind2="4" tag="050">
		<subfield code="a">DT74</subfield>
		<subfield code="b">.S2541</subfield>
	</datafield>
	<datafield ind1="1" ind2=" " tag="100">
		<subfield code="a">Sāmī, Amīn,</subfield>
		<subfield code="d">-1941.</subfield>
	</datafield>
	<datafield ind1="1" ind2="0" tag="245">
		<subfield code="a">Taqwīm al-Nīl :</subfield>
		<subfield code="b">wa-asmāʼ man tawallaw amr Miṣr wa-muddat ḥukmihim ʻalayhā wa-mulāḥaẓāt taʼrīkhīyah ʻan aḥwāl al-khilāfah al-ʻāmmah wa-shuʼūn Miṣr al-khāṣṣah ʻan al-muddah al-munḥasirah bayna al-sanah al-ūlā wa-sanat 1333 al-hijrīyah (622-1915 mīlādīyah) /</subfield>
		<subfield code="c">li-wāḍiʻihi Amīn Sāmī Bāshā.</subfield>
	</datafield>
	<datafield ind1=" " ind2=" " tag="260">
		<subfield code="a">Cairo :</subfield>
		<subfield code="b">al-Maṭbaʻah al-Amīrīyah,</subfield>
		<subfield code="c">1334-1355, 1916-1936.</subfield>
	</datafield>
	<datafield ind1=" " ind2=" " tag="300">
		<subfield code="a">online resource (3 volumes in 5.) :</subfield>
		<subfield code="b">illustrations, plates, portraits, folded color maps, facsimiles</subfield>
	</datafield>
	<datafield ind1=" " ind2=" " tag="336">
		<subfield code="a">text</subfield>
		<subfield code="2">rdacontent</subfield>
	</datafield>
	<datafield ind1=" " ind2=" " tag="337">
		<subfield code="a">computer</subfield>
		<subfield code="2">rdamedia</subfield>
	</datafield>
	<datafield ind1=" " ind2=" " tag="338">
		<subfield code="a">online resource</subfield>
		<subfield code="2">rdacarrier</subfield>
	</datafield>
	<datafield ind1=" " ind2=" " tag="500">
		<subfield code="a">Supplementary v.: Mulḥaq taqwīm al-Nīl, published 1936.</subfield>
	</datafield>
	<datafield ind1=" " ind2=" " tag="500">
		<subfield code="a">Part of the Arabic Collections Online (ACO) project, contributed by Princeton University Libraries.</subfield>
	</datafield>
	<datafield ind1=" " ind2=" " tag="533">
		<subfield code="a">Electronic reproduction.</subfield>
		<subfield code="b">New York, N.Y. :</subfield>
		<subfield code="c">New York University,</subfield>
		<subfield code="d">2021.</subfield>
		<subfield code="5">NNU</subfield>
	</datafield>
	<datafield ind1=" " ind2="0" tag="651">
		<subfield code="a">Egypt</subfield>
		<subfield code="x">History</subfield>
		<subfield code="v">Chronology.</subfield>
	</datafield>
	<datafield ind1=" " ind2="0" tag="650">
		<subfield code="a">Stream measurements</subfield>
		<subfield code="z">Nile River.</subfield>
	</datafield>
	<datafield ind1=" " ind2="7" tag="650">
		<subfield code="a">Stream measurements.</subfield>
		<subfield code="2">fast</subfield>
		<subfield code="0">(OCoLC)fst01134581</subfield>
	</datafield>
	<datafield ind1=" " ind2="7" tag="651">
		<subfield code="a">Egypt.</subfield>
		<subfield code="2">fast</subfield>
		<subfield code="0">(OCoLC)fst01208755</subfield>
	</datafield>
	<datafield ind1=" " ind2="7" tag="651">
		<subfield code="a">Nile River.</subfield>
		<subfield code="2">fast</subfield>
		<subfield code="0">(OCoLC)fst01242174</subfield>
	</datafield>
	<datafield ind1=" " ind2="7" tag="655">
		<subfield code="a">Chronologies.</subfield>
		<subfield code="2">fast</subfield>
		<subfield code="0">(OCoLC)fst01423901</subfield>
	</datafield>
	<datafield ind1=" " ind2="7" tag="655">
		<subfield code="a">History.</subfield>
		<subfield code="2">fast</subfield>
		<subfield code="0">(OCoLC)fst01411628</subfield>
	</datafield>
	<datafield ind1="2" ind2=" " tag="710">
		<subfield code="a">Princeton University.</subfield>
		<subfield code="b">Library.</subfield>
	</datafield>
	<datafield ind1="0" ind2=" " tag="730">
		<subfield code="a">Arabic Collections Online.</subfield>
	</datafield>
	<datafield ind1="0" ind2="8" tag="776">
		<subfield code="i">Online version:</subfield>
		<subfield code="a">Sāmī, Amīn, -1941.</subfield>
		<subfield code="t">Taqwīm al-Nīl.</subfield>
		<subfield code="d">Cairo : al-Maṭbaʻah al-Amīrīyah, 1334-1355, 1916-1936</subfield>
		<subfield code="w">(OCoLC)656755903</subfield>
	</datafield>
	<datafield ind1="0" ind2="8" tag="776">
		<subfield code="i">Print version:</subfield>
		<subfield code="a">Sāmī, Amīn, -1941.</subfield>
		<subfield code="t">Taqwīm al-Nīl</subfield>
		<subfield code="w">(NjP)2729989</subfield>
		<subfield code="w">(OCoLC)5214028</subfield>
	</datafield>
	<datafield ind1="4" ind2="0" tag="856">
		<subfield code="u">http://hdl.handle.net/2333.1/41ns22xm</subfield>
	</datafield>
	<datafield ind1=" " ind2=" " tag="959">
		<subfield code="a">NNU</subfield>
		<subfield code="b">WEB</subfield>
		<subfield code="c">GENI</subfield>
		<subfield code="t">0</subfield>
		<subfield code="m">Electronic access</subfield>
		<subfield code="s">01</subfield>
	</datafield>
	<datafield ind1=" " ind2=" " tag="999">
		<subfield code="i">NjP_2729989</subfield>
		<subfield code="o">(OCoLC)ocm05214028 </subfield>
		<subfield code="s">princeton_aco004945:vol.3 pt.1</subfield>
		<subfield code="s">princeton_aco004948:vol.3 pt.2</subfield>
		<subfield code="s">princeton_aco004949:vol.3 pt.3</subfield>
		<subfield code="s">princeton_aco004947:suppl.</subfield>
		<subfield code="e">(ERROR-880)</subfield>
	</datafield>
</record>
